@article{huisken1984flow,
  title={Flow by mean curvature of convex surfaces into spheres},
  author={Huisken, Gerhard},
  journal={Journal of Differential Geometry},
  volume={20},
  number={1},
  pages={237--266},
  year={1984},
  publisher={Lehigh University}
}   

@article{hamilton1982three,
  title={Three-manifolds with positive Ricci curvature},
  author={Hamilton, Richard S},
  journal={Journal of Differential geometry},
  volume={17},
  number={2},
  pages={255--306},
  year={1982},
  publisher={Lehigh University}
}

@article{huisken1999convexity,
  title={Convexity estimates for mean curvature flow and singularities of mean convex surfaces},
  author={Huisken, Gerhard and Sinestrari, Carlo},
  year={1999}
}

@article{huisken1999mean,
  title={Mean curvature flow singularities for mean convex surfaces},
  author={Huisken, Gerhard and Sinestrari, Carlo},
  journal={Calculus of Variations and Partial Differential Equations},
  volume={8},
  number={1},
  pages={1--14},
  year={1999},
  publisher={Springer}
}