@article{huisken1984flow,
  title={Flow by mean curvature of convex surfaces into spheres},
  author={Huisken, Gerhard},
  journal={Journal of Differential Geometry},
  volume={20},
  number={1},
  pages={237--266},
  year={1984},
  publisher={Lehigh University}
}

@article{andrews1994contraction,
  title={Contraction of convex hypersurfaces in Euclidean space},
  author={Andrews, Ben},
  journal={Calculus of Variations and Partial Differential Equations},
  volume={2},
  number={2},
  pages={151--171},
  year={1994},
  publisher={Springer}
}