@article{huisken1984flow,
  title={Flow by mean curvature of convex surfaces into spheres},
  author={Huisken, Gerhard},
  journal={Journal of Differential Geometry},
  volume={20},
  number={1},
  pages={237--266},
  year={1984},
  publisher={Lehigh University}
}

@article{huisken1999mean,
  title={Mean curvature flow singularities for mean convex surfaces},
  author={Huisken, Gerhard and Sinestrari, Carlo},
  journal={Calculus of Variations and Partial Differential Equations},
  volume={8},
  number={1},
  pages={1--14},
  year={1999},
  publisher={Springer}
}

@article{brendle2015sharp,
  title={A sharp bound for the inscribed radius under mean curvature flow},
  author={Brendle, Simon},
  journal={Inventiones mathematicae},
  volume={202},
  number={1},
  pages={217--237},
  year={2015},
  publisher={Springer}
}

@book{andrews2022extrinsic,
  title={Extrinsic geometric flows},
  author={Andrews, Ben and Chow, Bennett and Guenther, Christine and Langford, Mat},
  volume={206},
  year={2022},
  publisher={American Mathematical Society}
}


@article{andrews2012noncollapsing,
  title={Noncollapsing in mean-convex mean curvature flow},
  author={Andrews, Ben},
  journal={Geometry \& Topology},
  volume={16},
  number={3},
  pages={1413--1418},
  year={2012},
  publisher={Mathematical Sciences Publishers}
}

@article{huisken1990asymptotic,
  title={Asymptotic behavior for singularities of the mean curvature flow},
  author={Huisken, Gerhard},
  journal={Journal of Differential Geometry},
  volume={31},
  number={1},
  pages={285--299},
  year={1990},
  publisher={Lehigh University}
}

@article{brendle2016mean,
  title={Mean curvature flow with surgery of mean convex surfaces in $\mathbb{R}^3$},
  author={Brendle, Simon and Huisken, Gerhard},
  journal={Inventiones mathematicae},
  volume={203},
  number={2},
  pages={615--654},
  year={2016},
  publisher={Springer}
}

@article{andrews1994contraction,
  title={Contraction of convex hypersurfaces in Euclidean space},
  author={Andrews, Ben},
  journal={Calculus of Variations and Partial Differential Equations},
  volume={2},
  number={2},
  pages={151--171},
  year={1994},
  publisher={Springer}
}

@book{mantegazza2011lecture,
  title={Lecture notes on mean curvature flow},
  author={Mantegazza, Carlo},
  volume={290},
  year={2011},
  publisher={Springer Science \& Business Media}
}

@book{zhu2002lectures,
  title={Lectures on mean curvature flows},
  author={Zhu, Xi-Ping},
  volume={32},
  year={2002},
  publisher={American Mathematical Soc.}
}

@book{chow2007ricci,
  title={The Ricci flow: techniques and applications},
  author={Chow, Bennett and Chu, Sun-Chin and Glickenstein, David and Guenther, Christine and Isenberg, Jim and Ivey, Tom and Knopf, Dan and Lu, Peng and Luo, Feng and Ni, Lei},
  volume={135},
  year={2007},
  publisher={American Mathematical Society Providence}
}

@article{hamilton1982three,
  title={Three-manifolds with positive Ricci curvature},
  author={Hamilton, Richard S},
  journal={Journal of Differential geometry},
  volume={17},
  number={2},
  pages={255--306},
  year={1982},
  publisher={Lehigh University}
}

